<record><leader>00000cas a22000007a 4500</leader><controlfield tag="001">19766235</controlfield><controlfield tag="008">890525d18941899couwr ne      0    0eng d</controlfield><datafield ind1=" " ind2=" " tag="010"><subfield code="a">sn 89052162 </subfield></datafield><datafield ind1=" " ind2=" " tag="040"><subfield code="a">CNQ</subfield><subfield code="b">eng</subfield><subfield code="c">CNQ</subfield><subfield code="d">OCLCQ</subfield></datafield><datafield ind1=" " ind2=" " tag="042"><subfield code="a">msc</subfield></datafield><datafield ind1="0" ind2="0" tag="245"><subfield code="a">Julesburg grit.</subfield></datafield><datafield ind1=" " ind2=" " tag="260"><subfield code="a">Julesburg, Colo. :</subfield><subfield code="b">H.C. McNew</subfield></datafield><datafield ind1=" " ind2=" " tag="300"><subfield code="a">v.</subfield></datafield><datafield ind1=" " ind2=" " tag="310"><subfield code="a">Weekly</subfield></datafield><datafield ind1="1" ind2=" " tag="362"><subfield code="a">Began in 1894?</subfield></datafield><datafield ind1="0" ind2=" " tag="362"><subfield code="a">-v. 6, no. 45 (Nov. 9, 1899).</subfield></datafield><datafield ind1=" " ind2=" " tag="530"><subfield code="a">Available on microfilm from the Colorado Historical Society.</subfield></datafield><datafield ind1=" " ind2=" " tag="588"><subfield code="a">Description based on: Vol. 5, no. 31 (Aug. 4, 1898).</subfield></datafield><datafield ind1=" " ind2=" " tag="752"><subfield code="a">United States</subfield><subfield code="b">Colorado</subfield><subfield code="c">Sedgwick</subfield><subfield code="d">Julesburg.</subfield></datafield><datafield ind1="0" ind2="7" tag="785"><subfield code="t">Julesburg advocate</subfield><subfield code="w">(DLC)sn 89052161</subfield></datafield><datafield ind1="0" ind2="7" tag="785"><subfield code="t">Grit-advocate</subfield></datafield><datafield ind1="1" ind2=" " tag="029"><subfield code="a">AU@</subfield><subfield code="b">000025899384</subfield></datafield></record>